%YAML 1.1
%TAG !u! tag:unity3d.com,2011:
--- !u!1 &8081850078602283978
GameObject:
  m_ObjectHideFlags: 0
  m_CorrespondingSourceObject: {fileID: 0}
  m_PrefabInstance: {fileID: 0}
  m_PrefabAsset: {fileID: 0}
  serializedVersion: 6
  m_Component:
  - component: {fileID: 8081850078602283977}
  m_Layer: 0
  m_Name: Floor
  m_TagString: Untagged
  m_Icon: {fileID: 0}
  m_NavMeshLayer: 0
  m_StaticEditorFlags: 0
  m_IsActive: 1
--- !u!4 &8081850078602283977
Transform:
  m_ObjectHideFlags: 0
  m_CorrespondingSourceObject: {fileID: 0}
  m_PrefabInstance: {fileID: 0}
  m_PrefabAsset: {fileID: 0}
  m_GameObject: {fileID: 8081850078602283978}
  m_LocalRotation: {x: 0, y: 0, z: 0, w: 1}
  m_LocalPosition: {x: 0, y: 0, z: 0}
  m_LocalScale: {x: 1, y: 1, z: 1}
  m_Children:
  - {fileID: 8081850078695598587}
  - {fileID: 6221728422342134307}
  - {fileID: 7267982338951214586}
  - {fileID: 6547078952225499528}
  m_Father: {fileID: 0}
  m_RootOrder: 0
  m_LocalEulerAnglesHint: {x: 0, y: 0, z: 0}
--- !u!1001 &420242404585907153
PrefabInstance:
  m_ObjectHideFlags: 0
  serializedVersion: 2
  m_Modification:
    m_TransformParent: {fileID: 8081850078602283977}
    m_Modifications:
    - target: {fileID: 6991855272899237396, guid: a10b54e6b12fcb5429496de443b34ab1,
        type: 3}
      propertyPath: m_Name
      value: FloorTile (2)
      objectReference: {fileID: 0}
    - target: {fileID: 6991855272899237419, guid: a10b54e6b12fcb5429496de443b34ab1,
        type: 3}
      propertyPath: m_LocalPosition.x
      value: -1
      objectReference: {fileID: 0}
    - target: {fileID: 6991855272899237419, guid: a10b54e6b12fcb5429496de443b34ab1,
        type: 3}
      propertyPath: m_LocalPosition.y
      value: 0
      objectReference: {fileID: 0}
    - target: {fileID: 6991855272899237419, guid: a10b54e6b12fcb5429496de443b34ab1,
        type: 3}
      propertyPath: m_LocalPosition.z
      value: -1
      objectReference: {fileID: 0}
    - target: {fileID: 6991855272899237419, guid: a10b54e6b12fcb5429496de443b34ab1,
        type: 3}
      propertyPath: m_LocalRotation.x
      value: -0
      objectReference: {fileID: 0}
    - target: {fileID: 6991855272899237419, guid: a10b54e6b12fcb5429496de443b34ab1,
        type: 3}
      propertyPath: m_LocalRotation.y
      value: -0
      objectReference: {fileID: 0}
    - target: {fileID: 6991855272899237419, guid: a10b54e6b12fcb5429496de443b34ab1,
        type: 3}
      propertyPath: m_LocalRotation.z
      value: -0
      objectReference: {fileID: 0}
    - target: {fileID: 6991855272899237419, guid: a10b54e6b12fcb5429496de443b34ab1,
        type: 3}
      propertyPath: m_LocalRotation.w
      value: 1
      objectReference: {fileID: 0}
    - target: {fileID: 6991855272899237419, guid: a10b54e6b12fcb5429496de443b34ab1,
        type: 3}
      propertyPath: m_RootOrder
      value: 2
      objectReference: {fileID: 0}
    - target: {fileID: 6991855272899237419, guid: a10b54e6b12fcb5429496de443b34ab1,
        type: 3}
      propertyPath: m_LocalEulerAnglesHint.x
      value: 0
      objectReference: {fileID: 0}
    - target: {fileID: 6991855272899237419, guid: a10b54e6b12fcb5429496de443b34ab1,
        type: 3}
      propertyPath: m_LocalEulerAnglesHint.y
      value: 0
      objectReference: {fileID: 0}
    - target: {fileID: 6991855272899237419, guid: a10b54e6b12fcb5429496de443b34ab1,
        type: 3}
      propertyPath: m_LocalEulerAnglesHint.z
      value: 0
      objectReference: {fileID: 0}
    - target: {fileID: 6991855273179124532, guid: a10b54e6b12fcb5429496de443b34ab1,
        type: 3}
      propertyPath: m_Materials.Array.data[0]
      value: 
      objectReference: {fileID: 2100000, guid: bf52c05c0a6439e43ac2c94fe85775fe, type: 2}
    - target: {fileID: 6991855274411384458, guid: a10b54e6b12fcb5429496de443b34ab1,
        type: 3}
      propertyPath: m_Materials.Array.data[0]
      value: 
      objectReference: {fileID: 2100000, guid: bf52c05c0a6439e43ac2c94fe85775fe, type: 2}
    m_RemovedComponents: []
  m_SourcePrefab: {fileID: 100100000, guid: a10b54e6b12fcb5429496de443b34ab1, type: 3}
--- !u!4 &7267982338951214586 stripped
Transform:
  m_CorrespondingSourceObject: {fileID: 6991855272899237419, guid: a10b54e6b12fcb5429496de443b34ab1,
    type: 3}
  m_PrefabInstance: {fileID: 420242404585907153}
  m_PrefabAsset: {fileID: 0}
--- !u!1001 &1234109993939435472
PrefabInstance:
  m_ObjectHideFlags: 0
  serializedVersion: 2
  m_Modification:
    m_TransformParent: {fileID: 8081850078602283977}
    m_Modifications:
    - target: {fileID: 6991855272899237396, guid: a10b54e6b12fcb5429496de443b34ab1,
        type: 3}
      propertyPath: m_Name
      value: FloorTile
      objectReference: {fileID: 0}
    - target: {fileID: 6991855272899237419, guid: a10b54e6b12fcb5429496de443b34ab1,
        type: 3}
      propertyPath: m_LocalPosition.x
      value: -1
      objectReference: {fileID: 0}
    - target: {fileID: 6991855272899237419, guid: a10b54e6b12fcb5429496de443b34ab1,
        type: 3}
      propertyPath: m_LocalPosition.y
      value: 0
      objectReference: {fileID: 0}
    - target: {fileID: 6991855272899237419, guid: a10b54e6b12fcb5429496de443b34ab1,
        type: 3}
      propertyPath: m_LocalPosition.z
      value: 1
      objectReference: {fileID: 0}
    - target: {fileID: 6991855272899237419, guid: a10b54e6b12fcb5429496de443b34ab1,
        type: 3}
      propertyPath: m_LocalRotation.x
      value: -0
      objectReference: {fileID: 0}
    - target: {fileID: 6991855272899237419, guid: a10b54e6b12fcb5429496de443b34ab1,
        type: 3}
      propertyPath: m_LocalRotation.y
      value: -0
      objectReference: {fileID: 0}
    - target: {fileID: 6991855272899237419, guid: a10b54e6b12fcb5429496de443b34ab1,
        type: 3}
      propertyPath: m_LocalRotation.z
      value: -0
      objectReference: {fileID: 0}
    - target: {fileID: 6991855272899237419, guid: a10b54e6b12fcb5429496de443b34ab1,
        type: 3}
      propertyPath: m_LocalRotation.w
      value: 1
      objectReference: {fileID: 0}
    - target: {fileID: 6991855272899237419, guid: a10b54e6b12fcb5429496de443b34ab1,
        type: 3}
      propertyPath: m_RootOrder
      value: 0
      objectReference: {fileID: 0}
    - target: {fileID: 6991855272899237419, guid: a10b54e6b12fcb5429496de443b34ab1,
        type: 3}
      propertyPath: m_LocalEulerAnglesHint.x
      value: 0
      objectReference: {fileID: 0}
    - target: {fileID: 6991855272899237419, guid: a10b54e6b12fcb5429496de443b34ab1,
        type: 3}
      propertyPath: m_LocalEulerAnglesHint.y
      value: 0
      objectReference: {fileID: 0}
    - target: {fileID: 6991855272899237419, guid: a10b54e6b12fcb5429496de443b34ab1,
        type: 3}
      propertyPath: m_LocalEulerAnglesHint.z
      value: 0
      objectReference: {fileID: 0}
    - target: {fileID: 6991855273179124532, guid: a10b54e6b12fcb5429496de443b34ab1,
        type: 3}
      propertyPath: m_Materials.Array.data[0]
      value: 
      objectReference: {fileID: 2100000, guid: bf52c05c0a6439e43ac2c94fe85775fe, type: 2}
    - target: {fileID: 6991855274411384458, guid: a10b54e6b12fcb5429496de443b34ab1,
        type: 3}
      propertyPath: m_Materials.Array.data[0]
      value: 
      objectReference: {fileID: 2100000, guid: bf52c05c0a6439e43ac2c94fe85775fe, type: 2}
    m_RemovedComponents: []
  m_SourcePrefab: {fileID: 100100000, guid: a10b54e6b12fcb5429496de443b34ab1, type: 3}
--- !u!4 &8081850078695598587 stripped
Transform:
  m_CorrespondingSourceObject: {fileID: 6991855272899237419, guid: a10b54e6b12fcb5429496de443b34ab1,
    type: 3}
  m_PrefabInstance: {fileID: 1234109993939435472}
  m_PrefabAsset: {fileID: 0}
--- !u!1001 &3985697054851488776
PrefabInstance:
  m_ObjectHideFlags: 0
  serializedVersion: 2
  m_Modification:
    m_TransformParent: {fileID: 8081850078602283977}
    m_Modifications:
    - target: {fileID: 6991855272899237396, guid: a10b54e6b12fcb5429496de443b34ab1,
        type: 3}
      propertyPath: m_Name
      value: FloorTile (1)
      objectReference: {fileID: 0}
    - target: {fileID: 6991855272899237419, guid: a10b54e6b12fcb5429496de443b34ab1,
        type: 3}
      propertyPath: m_LocalPosition.x
      value: 1
      objectReference: {fileID: 0}
    - target: {fileID: 6991855272899237419, guid: a10b54e6b12fcb5429496de443b34ab1,
        type: 3}
      propertyPath: m_LocalPosition.y
      value: 0
      objectReference: {fileID: 0}
    - target: {fileID: 6991855272899237419, guid: a10b54e6b12fcb5429496de443b34ab1,
        type: 3}
      propertyPath: m_LocalPosition.z
      value: 1
      objectReference: {fileID: 0}
    - target: {fileID: 6991855272899237419, guid: a10b54e6b12fcb5429496de443b34ab1,
        type: 3}
      propertyPath: m_LocalRotation.x
      value: -0
      objectReference: {fileID: 0}
    - target: {fileID: 6991855272899237419, guid: a10b54e6b12fcb5429496de443b34ab1,
        type: 3}
      propertyPath: m_LocalRotation.y
      value: -0
      objectReference: {fileID: 0}
    - target: {fileID: 6991855272899237419, guid: a10b54e6b12fcb5429496de443b34ab1,
        type: 3}
      propertyPath: m_LocalRotation.z
      value: -0
      objectReference: {fileID: 0}
    - target: {fileID: 6991855272899237419, guid: a10b54e6b12fcb5429496de443b34ab1,
        type: 3}
      propertyPath: m_LocalRotation.w
      value: 1
      objectReference: {fileID: 0}
    - target: {fileID: 6991855272899237419, guid: a10b54e6b12fcb5429496de443b34ab1,
        type: 3}
      propertyPath: m_RootOrder
      value: 1
      objectReference: {fileID: 0}
    - target: {fileID: 6991855272899237419, guid: a10b54e6b12fcb5429496de443b34ab1,
        type: 3}
      propertyPath: m_LocalEulerAnglesHint.x
      value: 0
      objectReference: {fileID: 0}
    - target: {fileID: 6991855272899237419, guid: a10b54e6b12fcb5429496de443b34ab1,
        type: 3}
      propertyPath: m_LocalEulerAnglesHint.y
      value: 0
      objectReference: {fileID: 0}
    - target: {fileID: 6991855272899237419, guid: a10b54e6b12fcb5429496de443b34ab1,
        type: 3}
      propertyPath: m_LocalEulerAnglesHint.z
      value: 0
      objectReference: {fileID: 0}
    - target: {fileID: 6991855273179124532, guid: a10b54e6b12fcb5429496de443b34ab1,
        type: 3}
      propertyPath: m_Materials.Array.data[0]
      value: 
      objectReference: {fileID: 2100000, guid: bf52c05c0a6439e43ac2c94fe85775fe, type: 2}
    - target: {fileID: 6991855274411384458, guid: a10b54e6b12fcb5429496de443b34ab1,
        type: 3}
      propertyPath: m_Materials.Array.data[0]
      value: 
      objectReference: {fileID: 2100000, guid: bf52c05c0a6439e43ac2c94fe85775fe, type: 2}
    m_RemovedComponents: []
  m_SourcePrefab: {fileID: 100100000, guid: a10b54e6b12fcb5429496de443b34ab1, type: 3}
--- !u!4 &6221728422342134307 stripped
Transform:
  m_CorrespondingSourceObject: {fileID: 6991855272899237419, guid: a10b54e6b12fcb5429496de443b34ab1,
    type: 3}
  m_PrefabInstance: {fileID: 3985697054851488776}
  m_PrefabAsset: {fileID: 0}
--- !u!1001 &4311047438704033699
PrefabInstance:
  m_ObjectHideFlags: 0
  serializedVersion: 2
  m_Modification:
    m_TransformParent: {fileID: 8081850078602283977}
    m_Modifications:
    - target: {fileID: 6991855272899237396, guid: a10b54e6b12fcb5429496de443b34ab1,
        type: 3}
      propertyPath: m_Name
      value: FloorTile (3)
      objectReference: {fileID: 0}
    - target: {fileID: 6991855272899237419, guid: a10b54e6b12fcb5429496de443b34ab1,
        type: 3}
      propertyPath: m_LocalPosition.x
      value: 1
      objectReference: {fileID: 0}
    - target: {fileID: 6991855272899237419, guid: a10b54e6b12fcb5429496de443b34ab1,
        type: 3}
      propertyPath: m_LocalPosition.y
      value: 0
      objectReference: {fileID: 0}
    - target: {fileID: 6991855272899237419, guid: a10b54e6b12fcb5429496de443b34ab1,
        type: 3}
      propertyPath: m_LocalPosition.z
      value: -1
      objectReference: {fileID: 0}
    - target: {fileID: 6991855272899237419, guid: a10b54e6b12fcb5429496de443b34ab1,
        type: 3}
      propertyPath: m_LocalRotation.x
      value: -0
      objectReference: {fileID: 0}
    - target: {fileID: 6991855272899237419, guid: a10b54e6b12fcb5429496de443b34ab1,
        type: 3}
      propertyPath: m_LocalRotation.y
      value: -0
      objectReference: {fileID: 0}
    - target: {fileID: 6991855272899237419, guid: a10b54e6b12fcb5429496de443b34ab1,
        type: 3}
      propertyPath: m_LocalRotation.z
      value: -0
      objectReference: {fileID: 0}
    - target: {fileID: 6991855272899237419, guid: a10b54e6b12fcb5429496de443b34ab1,
        type: 3}
      propertyPath: m_LocalRotation.w
      value: 1
      objectReference: {fileID: 0}
    - target: {fileID: 6991855272899237419, guid: a10b54e6b12fcb5429496de443b34ab1,
        type: 3}
      propertyPath: m_RootOrder
      value: 3
      objectReference: {fileID: 0}
    - target: {fileID: 6991855272899237419, guid: a10b54e6b12fcb5429496de443b34ab1,
        type: 3}
      propertyPath: m_LocalEulerAnglesHint.x
      value: 0
      objectReference: {fileID: 0}
    - target: {fileID: 6991855272899237419, guid: a10b54e6b12fcb5429496de443b34ab1,
        type: 3}
      propertyPath: m_LocalEulerAnglesHint.y
      value: 0
      objectReference: {fileID: 0}
    - target: {fileID: 6991855272899237419, guid: a10b54e6b12fcb5429496de443b34ab1,
        type: 3}
      propertyPath: m_LocalEulerAnglesHint.z
      value: 0
      objectReference: {fileID: 0}
    - target: {fileID: 6991855273179124532, guid: a10b54e6b12fcb5429496de443b34ab1,
        type: 3}
      propertyPath: m_Materials.Array.data[0]
      value: 
      objectReference: {fileID: 2100000, guid: bf52c05c0a6439e43ac2c94fe85775fe, type: 2}
    - target: {fileID: 6991855274411384458, guid: a10b54e6b12fcb5429496de443b34ab1,
        type: 3}
      propertyPath: m_Materials.Array.data[0]
      value: 
      objectReference: {fileID: 2100000, guid: bf52c05c0a6439e43ac2c94fe85775fe, type: 2}
    m_RemovedComponents: []
  m_SourcePrefab: {fileID: 100100000, guid: a10b54e6b12fcb5429496de443b34ab1, type: 3}
--- !u!4 &6547078952225499528 stripped
Transform:
  m_CorrespondingSourceObject: {fileID: 6991855272899237419, guid: a10b54e6b12fcb5429496de443b34ab1,
    type: 3}
  m_PrefabInstance: {fileID: 4311047438704033699}
  m_PrefabAsset: {fileID: 0}
